2192 3809
180 267 242 331 12.
270 287 330 336 2,
353 276 391 331 6
399 283 457 339 4.
485 272 516 326 6
531 257 595 342 μ’
649 269 718 329 Τ.
737 265 1001 351 Qintius'*
1018 311 1036 334 ‚
1053 271 1147 355 Q
1170 268 1438 331 servilius
1455 265 1595 351 Coffi‘
1634 287 1749 343 159

184 348 396 418 mitaris
418 391 437 420 ‚
475 348 804 428 concitasset
826 349 1002 424 aciem
1029 372 1049 416 3
1077 354 1296 432 impetu
1311 351 1461 410 facto
1485 395 1503 423 ‚
1540 352 1676 411 dum
1695 354 1754 412 se
1765 369 1809 398 ¹⁴·
1837 367 1871 396 ⁶·
1895 350 1997 406 ²³5·

185 446 391 511 putant
426 430 653 489 vincere
687 472 706 501 ‚
740 430 948 491 vicere.
1008 448 1037 491 7
1081 430 1293 491 Consul
1341 448 1596 491 metuens
1617 476 1637 504 ‚
1683 454 1753 491 ne
1772 407 2004 457 cmc-466·

184 509 364 577 nimis
400 507 657 568 instando
700 520 996 584 renovaret
1036 529 1314 570 certamen
1350 555 1368 584 ,
1415 509 1641 592 signum
1665 533 1756 570 re-

188 588 391 670 ceptui
432 586 612 647 dedit.
652 585 1013 662 Intercessere
1052 593 1215 673 pauci
1241 590 1361 650 dies
1385 637 1404 666 ,
1425 592 1578 652 velut
1613 592 1757 650 taci-

189 668 263 727 tis
302 666 554 727 induciis
575 669 850 752 utrinque
885 669 1079 750 quiete
1125 670 1382 752 sumpta:
1414 675 1439 716 8
1476 692 1575 753 per
1599 665 1762 753 'quos

192 749 401 829 ingens
432 748 521 806 vis
543 748 841 809 hominurn
866 770 936 806 ex
957 751 1464 817 omnibus-»Volscis
1484 796 1502 823 ‚
1544 748 1768 833 AEquif-

239 848 312 888 ue
353 827 580 909 populis
620 830 681 889 in
732 827 907 888 castra
948 830 1107 890 venit
1145 853 1160 892 t
1199 830 1348 890 haud
1382 831 1645 891 dubitans
1668 875 1684 897 ‚
1726 827 1764 887 fi

193 847 806 980 penset-innRomanos
827 910 996 969 noete
1033 910 1310 971 abituros.
1349 926 1377 968 9
1419 917 1622 994 Itaque
1653 927 1763 968 tet·
1793 931 1925 992 7011„-
1957 933 2034 991 ,μ

196 989 280 1047 t-ia
319 990 441 1049 fere
473 988 672 1069 vigilia
700 1027 725 1062 ‚-
765 988 836 1048 ad
878 987 1055 1048 castra
1089 992 1469 1072 oppugnanda
1506 989 1765 1066 veniunt.
1792 1005 1847 1053 2⁹¹⁴
1877 996 1982 1032 ’Μ’

198 1067 480 1147 Quintius
499 1067 690 1128 sedato
710 1069 955 1128 tumultu
980 1072 999 1140 ,⁴
1027 1088 1195 1152 quem
1219 1089 1400 1148 terror
1434 1070 1648 1131 subitus
1673 1090 1771 1129 ex·
1798 1055 1932 1145 5?ng

199 1149 420 1209 civerat
442 1191 459 1214 ,
538 1168 677 1207 uum
723 1168 947 1209 manete
984 1149 1045 1208 in
1089 1151 1350 1210 tentoriis
1384 1151 1640 1235 quietum
1664 1150 1776 1207 mi-

199 1228 372 1288 litem
411 1231 469 1307 ju
534 1224 629 1288 sset
654 1273 671 1301 ‚
724 1240 781 1273 ¹0
831 1227 1220 1291 Hernicorum
1242 1229 1538 1291 cohortem
1572 1230 1631 1288 in
1673 1227 1782 1289 sta-

201 1310 431 1368 tionem
449 1308 641 1367 educit
670 1309 1030 1370 :cornicines
1054 1339 1091 1381 ,>
1113 1308 1505 1394 tubicinesque
1532 1312 1590 1371 in
1611 1312 1781 1393 equis

206 1387 508 1470 impofitos
532 1432 550 1459 ,
587 1407 784 1448 canere
825 1405 952 1448 ante
986 1390 1195 1448 vallum
1221 1389 1377 1470 jubet
1399 1436 1415 1463 ,
1443 1391 1784 1452 sollicitum-

206 1489 327 1552 que
350 1466 565 1539 hostem
590 1468 659 1527 ad
685 1471 874 1534 lucem
907 1487 1117 1529 tenere.
1174 1482 1192 1513 1
1211 1481 1229 1514 1
1269 1470 1577 1554 Relicsuum
1602 1469 1783 1546 noetis

206 1548 359 1610 adeo
397 1549 703 1631 tranquilla
733 1550 927 1607 omnia
965 1550 1024 1607 in
1059 1548 1255 1610 castris
1300 1548 1454 1610 fuere
1478 1595 1495 1624 ,
1518 1570 1579 1610 ut
1604 1549 1786 1610 somni

213 1647 456 1713 quoque
473 1628 747 1687 Romanis
787 1628 957 1711 copia
1000 1627 1148 1690 effet.
1184 1628 1424 1689 Volscos
1457 1631 1669 1711 species
1704 1651 1791 1688 ar-

212 1726 498 1769 matorum
524 1708 789 1790 'peditum
818 1752 837 1781 ‚
875 1727 1024 1791 quos
1044 1709 1107 1767 ¹&
1154 1709 1345 1789 plures
1384 1708 1491 1771 effe
1516 1753 1536 1783 ,
1574 1715 1628 1771 δε
1666 1716 1790 1769 Ro-

215 1808 419 1850 manos
445 1789 715 1869 putabant
735 1834 751 1856 ,
780 1789 1039 1850 fremitus
1077 1788 1446 1874 hinnitusque
1468 1809 1744 1873 equorum
1772 1832 1790 1865 ,

219 1872 328 1953 qui
359 1876 415 1929 &
451 1869 670 1929 insueto
706 1869 932 1930 sedente
970 1870 1166 1951 equite
1208 1913 1226 1942 ‚
1266 1877 1321 1928 &
1362 1869 1582 1952 insuper
1627 1889 1792 1932 aures

216 1950 474 2031 agitante
498 1949 686 2009 sonitu
708 1996 726 2024 ‚
768 1950 1067 2009 saeviebant
1090 1993 1111 2023 ‚
1136 1948 1385 2014 intentos
1425 1953 1578 2016 velut
1599 1953 1669 2014 ad
1691 1952 1794 2011 im·

216 2048 415 2112 petum
440 2028 707 2110 'hostium
745 2031 946 2092 tenuit.
1298 2084 1301 2087 ,
1343 2091 1348 2100 4
1573 2089 1580 2094 ,
1659 2038 1666 2043 ’
1755 2039 1759 2046 “

299 2113 473 2170 LXV.
516 2107 652 2169 Ubi
691 2110 882 2170 illuxit
905 2154 923 2181 ,
969 2117 1262 2172 Romanus
1293 2114 1511 2194 integer
1546 2109 1793 2173 satiatus·
1824 2135 2070 2200 fugam*-
2147 2171 2155 2176 .

220 2209 339 2271 que
370 2189 569 2250 somno
598 2233 617 2261 ‚
649 2190 965 2269 productus
1000 2191 1060 2249 in
1100 2194 1320 2255 aciem3
1363 2192 1558 2252 feffum
1593 2188 1822 2250 stando'

220 2278 279 2331 &
297 2269 518 2350 vigiliis
535 2268 806 2331 Volscum
823 2271 1008 2351 primo
1026 2270 1241 2350 impetu
1256 2274 1516 2353 perculit.
1539 2284 1563 2315 2
1584 2271 1799 2409 Qatn-

224 2370 407 2431 quam
463 2345 662 2409 ceffere
713 2351 899 2431 magis
940 2393 959 2423 ‚
1005 2368 1179 2446 quam
1223 2350 1363 2434 pulsi
1411 2352 1597 2413 hostes
1657 2369 1800 2410 unt:

227 2430 370 2512 quia
406 2429 474 2488 ab
515 2447 678 2510 tergo
715 2449 872 2488 erant
906 2430 1043 2492 clivi
1072 2475 1090 2502 ‚
1120 2433 1180 2492 in
1208 2452 1355 2515 quos
1378 2431 1504 2514 post
1522 2429 1805 2513 principia

226 2510 472 2590 integris
491 2509 788 2567 ordinibus
811 2527 970 2568 tutus
991 2530 1251 2594 receptus
1263 2514 1398 2574 fuit.
1441 2508 1680 2579 Consul,
1703 2511 1804 2571 ubi

221 2588 303 2649 πᾶ
340 2590 602 2674 iniquum
638 2589 829 2649 locum
865 2610 1098 2650 ventum
1139 2590 1255 2665 est,
1283 2592 1431 2653 fistit'
1454 2593 1649 2654 aciem.
1688 2591 1808 2653 Mi-

229 2671 314 2729 les
349 2689 497 2752 aegte
528 2672 707 2729 teneri
732 2715 750 2737 ,
788 2670 1024 2729 clamare
1063 2678 1117 2729 δι
1161 2673 1392 2755 poscere
1415 2719 1431 2741 ‚
1459 2689 1520 2731 ut
1539 2672 1804 2755 perculsis

229 2746 440 2809 instare
478 2751 667 2809 liceat.
706 2761 741 2807 4
772 2751 1248 2835 ferociusagunt
1290 2755 1512 2836 equites
1559 2753 1807 2812 circum-

229 2828 339 2891 fust
381 2829 517 2889 duci
545 2853 561 2886 ι
591 2830 981 2890 vociferantur
1000 2830 1053 2889 se
1072 2851 1200 2893 ante
1231 2832 1385 2912 figna
1404 2834 1599 2903 ituros,
1647 2836 1807 2892 Dum

234 2912 535 2973 cunstamt
563 2909 756 2969 consul
775 2911 983 2970 virtute
1006 2912 1256 2971 militum
1279 2913 1459 2973 fretus
1483 2957 1500 2985 ‚
1536 2913 1673 2971 loco
1707 2931 1807 2993 pa-
1857 2937 1860 2940 Α

233 3008 368 3055 tum
427 2988 608 3050 fidens
642 3013 664 3059 ς
696 2991 1064 3050 'conclamant
1103 2990 1157 3050 se
1199 2992 1378 3052 ituros
1417 3014 1431 3049 t
1474 2992 1809 3050 clamorem-

238 3085 357 3153 que
391 3090 479 3128 res
499 3067 579 3129 est
600 3069 1055 3143 secutadiixisin
1104 3076 1307 3129 terram
1353 3071 1530 3150 pili-s·,
1575 3089 1694 3153 quo
1730 3072 1810 3131 le-

239 3150 431 3211 viores
456 3148 513 3207 in
543 3149 713 3208 ardua
748 3148 1050 3209 evaderent
1075 3195 1092 3226 ,
1118 3151 1281 3210 cursu
1319 3149 1573 3212 subeunt.
1615 3165 1649 3208 4
1672 3151 1814 3210 Vol-

238 3226 368 3289 scus
417 3223 604 3292 effusis
648 3230 720 3287 ad
751 3227 997 3312 primum
1038 3232 1317 3311 impet-um
1339 3227 1627 3290 miffilibus
1644 3232 1814 3303 telis,

117 3331 121 3335 ·
200 3346 216 3351 —
242 3306 377 3370 saxa
410 3309 735 3391 objacentia
757 3307 999 3392 pedibus
1031 3311 1244 3393 ingerit
1262 3314 1322 3370 in
1343 3310 1636 3372 subeuntes
1654 3318 1814 3386 ‚tur-
