2192 3809
88 201 228 280 L‘5
254 248 272 274 ,
298 220 403 271 19.
430 220 533 261 ιο.
601 199 663 261 PL
687 197 925 261 Licinius
948 242 966 271 ‚
991 191 1109 269 &iu
1130 195 1478 259 Tabam&
1554 208 1682 271 3412

32 289 39 296 “
91 276 414 363 effecitque
450 303 517 339 ne
534 278 711 339 hostis
731 281 968 338 maxime
992 278 1272 336 timendus
1295 276 1467 334 militi
1489 272 1662 336 essets
1691 282 1737 367 ’ζ’
1758 281 1804 366 ἒ·
1832 275 1928 374 ³23·

36 371 51 386 “
88 361 309 430 deinde
350 360 563 419 indicito
587 359 807 418 deled'tu
848 359 907 415 in
935 356 1086 417 diem
1130 375 1339 415 certam
1364 398 1381 425 ,
1424 352 1538 433 ipse
1578 354 1664 411 in·
1727 349 1739 364 ’
1791 347 1810 365 ’
1834 338 1854 377 ³
1912 349 1927 365 ⁰
1971 361 1972 366 ’

87 441 277 498 terim
311 440 485 504 Veios
551 438 620 497 ad
663 435 1081 496 confirmandos
1122 436 1366 494 militum
1405 435 1623 491 animos
1649 476 1668 505 ,

88 519 476 578 intercurrit:
542 530 577 572 4
612 516 743 577 inde
782 522 1025 577 Romam
1070 515 1141 573 acl
1180 512 1538 574 scribendum
1571 532 1672 570 no-

74 619 242 655 ’vum
287 597 597 657 exereitum
623 597 807 658 redit3
848 596 1009 658 nullo
1030 594 1366 653 detrefiante
1390 591 1674 651 militiam.

94 678 413 758 Peregrina
439 681 604 734 etiam
625 678 887 753 juventus
911 675 1099 734 Latini
1125 718 1143 745 ‚
1170 672 1532 753 Hernicique
1554 713 1572 742 ‚
1614 689 1678 727 o-

92 772 298 835 peram
343 754 492 813 suam
537 755 915 833 pollicenteS,
955 753 1020 816 ad
1065 753 1123 812 id
1166 752 1374 811 bellum
1419 770 1671 807 venere:

98 847 141 891 5—
159 836 376 929 quibus
419 852 597 915 quum
636 836 840 914 gratias
864 836 921 892 in
948 832 1139 891 senatu
1165 828 1362 911 egisset
1383 827 1624 887 dictator
1650 870 1671 902 ‚

90 912 235 973 satis
281 918 394 993 jam
435 913 697 970 omnibus
737 913 805 971 ad
846 912 908 970 id
948 912 1159 970 bellum
1206 908 1454 988 paratis‘,
1501 908 1665 965 ludos
1695 937 1831 982 Ludos
1860 948 1930 983 w

93 1010 346 1073 magnos
389 1012 458 1050 ex
498 987 970 1050 senatusconsulto
1012 990 1175 1049 vovit
1198 988 1353 1048 Veiis
1394 987 1573 1065 captis
1616 986 1669 1046 se
1695 1000 1785 1037 wr-

90 1072 418 1133 fad’turum:
455 1070 743 1152 aedemque
766 1078 999 1130 Matutae
1031 1068 1224 1126 matris
1259 1066 1527 1126 refectam
1567 1065 1669 1125 de·

94 1148 427 1209 dicaturum
450 1193 468 1221 ‚
516 1153 641 1222 jam
673 1169 798 1209 ante
840 1150 910 1207 ab
951 1167 1086 1229 rege
1122 1145 1316 1206 Servio
1352 1144 1549 1206 Tullio
1574 1144 1673 1203 de-

92 1229 382 1302 dicatam.
427 1235 454 1275 6
481 1229 765 1289 Profestus
805 1249 933 1287 cum
968 1228 1222 1287 exercitu
1258 1226 1327 1284 ab
1346 1228 1519 1296 urbe,
1567 1245 1668 1284 ex-

44 1354 53 1360 .
99 1307 452 1387 fp‘edtatione
482 1308 780 1367 hominum
801 1311 1014 1386 majore
1033 1351 1050 1378 ,
1093 1326 1266 1387 quam
1286 1304 1380 1384 spe
1400 1348 1417 1375 ‚
1451 1304 1510 1361 in
1528 1321 1669 1442 agro

94 1390 371 1468 primum·
416 1386 703 1466 Nepefino
751 1407 879 1445 cum
927 1386 1151 1445 Faliscis
1193 1393 1247 1444 &
1290 1384 1560 1468 Capenati
1605 1402 1670 1442 us

92 1466 265 1541 ligna
301 1466 539 1527 confert.
586 1484 613 1525 7
641 1467 855 1526 Omnia
898 1466 976 1524 ibi
1001 1465 1213 1524 summa
1233 1464 1449 1523 ratione
1470 1508 1488 1534 ,
1526 1484 1669 1521 con-

93 1544 351 1628 filioque
371 1547 487 1603 aeta
509 1586 528 1617 ,
579 1546 806 1606 fortuna
840 1545 1007 1604 etiam
1035 1588 1052 1614 ,
1090 1561 1152 1602 ut
1197 1542 1263 1601 fit
1283 1588 1299 1611 ,
1339 1542 1525 1601 secuta
1545 1541 1663 1603 est3

89 1646 224 1685 non
267 1624 479 1705 proelio
515 1642 730 1683 tantum
752 1625 900 1685 fudit
932 1622 1122 1684 hostes
1152 1665 1168 1692 ,
1192 1621 1284 1680 sed
1305 1621 1498 1680 castris
1520 1640 1663 1701 quo-

93 1724 224 1786 que
253 1705 443 1773 exuit,
494 1703 830 1785 ingentique
878 1701 1065 1783 praeda
1100 1699 1181 1760 est
1205 1699 1419 1779 potitus
1448 1720 1462 1757 ε
1499 1704 1663 1777 cujus

91 1803 232 1866 pars
279 1783 519 1840 maxima
550 1782 618 1840 ad
665 1780 997 1864 quaestorem
1017 1781 1237 1840 re'daffa
1257 1778 1336 1839 est
1361 1802 1376 1835 :
1400 1778 1546 1837 hau‘d
1587 1781 1667 1838 ita

90 1864 348 1922 multum
385 1862 557 1921 militi
581 1860 791 1925 datum.
831 1864 857 1905 8
889 1860 1025 1921 Inde
1049 1861 1132 1921 vad
1178 1860 1351 1921 Veios
1375 1860 1667 1921 exercitus

91 1941 304 2014 duetus
330 1986 348 2012 ,
391 1939 755 2023 densioraque
780 1938 1004 2001 castella
1040 1942 1224 2002 faeta:
1256 1947 1312 2000 &
1353 1940 1385 1999 *a
1425 1960 1666 2020 procur-

89 2020 414 2081 sationibus
438 2059 457 2090 ,
497 2038 622 2101 quae
667 2020 857 2079 multae
901 2039 1111 2080 temere
1164 2022 1309 2079 inter
1343 2038 1560 2078 murum
1596 2040 1663 2079 ac

91 2099 312 2162 vallum
359 2097 605 2170 fiebant,
651 2100 836 2159 edisto
859 2143 876 2170 ‚
916 2122 984 2158 ne
1021 2100 1153 2180 quis
1198 2100 1255 2157 in
1266 2096 1404 2177 juffu
1442 2117 1661 2178 pugna-

89 2178 188 2241 ret
215 2221 236 2251 ‚
286 2178 355 2236 ad
382 2198 523 2257 opus
544 2179 752 2238 milites
782 2179 1044 2238 traduffl.
1081 2195 1109 2234 9
1133 2183 1390 2257 Operum
1411 2179 1518 2237 fuit
1540 2198 1665 2235 om-

90 2259 266 2320 nium
298 2257 469 2337 longe
509 2258 818 2315 maximum
865 2278 930 2316 ac
974 2254 1455 2316 laboriofiffimu'm
1490 2302 1507 2323 ‚
1558 2278 1696 2313 cu·-

87 2336 329 2397 niculus
342 2336 404 2393 in
425 2356 607 2396 arcem
627 2335 875 2396 hostiam
893 2336 1271 2417 agicoeptusz
1324 2346 1380 2378 ¹0
1414 2336 1570 2417 quod
1589 2356 1659 2400 ne

87 2416 568 2477 intermitteretur
589 2436 735 2493 opus
753 2458 770 2486 ,
806 2437 912 2475 neu
953 2416 1049 2475 sub
1071 2433 1219 2474 terra
1243 2416 1542 2473 continuus
1580 2416 1686 2474 la-

86 2497 206 2556 bor
248 2493 466 2553 eosdem
496 2495 837 2566 conficeret,
881 2498 940 2553 in
977 2513 1162 2574 partes
1193 2493 1285 2553 sex
1309 2495 1658 2556 munitorum

87 2594 392 2635 numerum
431 2572 621 2632 divifit
650 2597 663 2632 ε
698 2573 839 2632 senae
873 2573 1029 2634 horae
1068 2575 1127 2632 in
1173 2572 1372 2633 orbem
1394 2574 1553 2653 operi
1578 2590 1692 2631 at·-

86 2654 323 2715 tributae
346 2651 470 2711 sunt
502 2655 727 2728 gnoe'te
775 2673 840 2713 ac
877 2655 973 2713 die
1013 2672 1323 2736 numquam
1346 2670 1474 2711 ante
1493 2651 1662 2712 omis·

84 2732 252 2803 sum,
291 2751 465 2814 quam
517 2732 577 2788 in
614 2752 805 2795 arcem
846 2734 1000 2793 viam
1042 2734 1315 2793 facerent.

134 2864 139 2868 .
174 2814 313 2871 XX.
353 2812 615 2870 Diaator
702 2831 838 2870 uum
886 2816 1001 2892 jam
1047 2812 1118 2871 in·
1152 2812 1411 2880 manibus
1442 2810 1661 2869 videret

89 2890 402 2960 victoriam
436 2886 539 2949 effe
566 2933 587 2961 ,
617 2831 810 2964 uilwem
845 2890 1313 2970 opulentissimam
1350 2890 1514 2970 capi,
1539 2908 1662 2947 tan·

86 2989 336 3052 tumque
361 2968 705 3048 praejdaelfore
727 3015 743 3036 ,
777 2989 1052 3063 quantum
1092 2990 1210 3029 non
1230 2970 1493 3032 omnibus
1510 2970 1569 3027 in
1590 2988 1657 3026 u-

80 3071 228 3112 num
249 3045 473 3107 collatis
512 3050 838 3120 ante—belhs
875 3046 1063 3110 fuiffet
1089 3094 1108 3120 ,
1156 3061 1279 3118 ’gne
1322 3068 1492 3129 quam
1529 3046 1690 3106 inie-

79 3147 188 3191 aut
232 3127 484 3186 militum
522 3128 662 3206 iram
704 3148 774 3188 ex
815 3129 1165 3211 malignitate
1191 3127 1386 3208 praedae
1405 3129 1664 3207 partim,

86 3227 192 3272 ant
231 3206 922 3291 invidi-amlapudfatres
969 3229 1039 3270 ex
1073 3207 1319 3291 prodiga
1357 3207 1664 3287 largitione

1287 3290 1330 3348 P·
1351 3285 1420 3365 iij

1695 1605 1930 1658 Vim-{rfa-

1689 1668 1822 1721 [ἐμοι.
1880 1718 1883 1722 .
