2192 3809
217 253 222 257 ,
512 210 593 265 40
747 204 813 254 L.
835 193 1089 253 amilius
1113 237 1132 266 ‚
1148 192 1265 266 &a
1290 193 1474 256 Tribb.
1497 194 1629 254 Mil.
1775 198 1837 256 L.
1862 208 1896 259 6
1922 239 1943 266 ‚
1987 213 2084 270 32,

235 274 286 363 ξ·
309 277 350 366 g·
378 280 483 324 377·
512 291 698 341 erant,
718 274 991 334 celebrari
1028 274 1101 334 de
1139 276 1362 356 integro
1384 273 1701 354 jurisdictio
1728 296 1742 333 z
1770 284 1825 335 &
1861 293 2084 334 tantum

270 347 285 363 ”
343 346 358 364 ⁰
385 337 479 379 ³⁷⁵⁸
509 352 689 413 abesse
724 354 852 434 spes
896 356 1101 413 veteris
1139 354 1365 414 levandi
1412 356 1657 415 foenoris
1686 400 1704 423 ,
1747 373 1810 414 ut
1858 357 2079 415 tributo

504 456 723 495 novum
758 436 952 496 foenus
990 435 1411 494 contraheretur
1434 479 1454 507 ,
1477 436 1537 494 in
1560 456 1782 494 murum
1823 433 1857 494 ὲ
1882 433 2083 494 censo-

445 542 450 545 ,
498 516 659 574 ribus
698 516 948 574 locatum
988 514 1122 574 saxo
1165 513 1445 596 quadrato
1486 516 1834 576 faciundum.
1882 526 1914 576 ².
1965 511 2079 574 Cui

498 594 865 655 succumbere
900 597 1060 653 oneri
1096 600 1287 663 coac-Cra
1322 597 1548 675 plebe53
1586 595 1723 678 quia
1763 614 1941 677 quern
1980 594 2076 653 de-

495 675 712 735 lectum
738 675 1080 754 impedirent
1106 721 1123 748 ‚
1161 700 1277 736 non
1310 677 1589 735 habebant
1625 676 1841 733 tribuni
1861 674 2071 770 plebis,

227 768 273 806 ’τε
298 768 338 804 e·
365 762 466 813 3⁷8·
506 766 527 811 3
562 757 854 817 Tribunos
894 756 1060 815 etiam
1099 758 1369 817 militares
1392 756 1662 837 patricios
1688 775 1911 812 omneis
1936 774 2068 812 coa-

224 812 467 919 25:123}ss
496 838 583 895 &a
622 837 944 917 principum
963 839 1169 920 opibus
1205 837 1343 898 fecit
1362 881 1380 909 ,
1408 842 1468 896 L.
1492 835 1786 896 AEmilium
1811 877 1830 905 ‚
1856 839 1920 894 P.
1953 840 2067 895 Va-

220 919 395 1016 gip-&c-
492 916 698 976 lei-ium
737 938 1038 1000 quartum,
1075 923 1143 979 C.
1183 918 1477 978 Veturium
1509 960 1528 989 ,
1565 917 1671 975 Ser.
1698 914 2020 994 Sulpicium
2044 957 2064 984 ,

217 975 363 1077 gfff·
491 1000 558 1058 L.
590 1004 647 1056 &
683 1002 756 1059 C.
791 999 1066 1076 Qintios
1108 991 1504 1064 Cincinnatos}
1531 1004 1566 1052 4
1603 993 1810 1053 Iisdem
1847 1014 1885 1050 ο
1934 993 2057 1055 ibus

375 1073 397 1112 ’·
486 1078 787 1138 obtinuere
813 1124 831 1151 ,
879 1096 945 1137 ut
1004 1077 1266 1139 adversus
1328 1078 1558 1136 Latinos
1578 1092 1607 1146 ‘‚
1652 1072 1861 1134 Volsco
1892 1093 2052 1156 que,

482 1158 591 1238 qui
633 1160 949 1240 conjunstis
993 1160 1313 1241 legionibus
1340 1158 1409 1215 ad
1442 1155 1712 1215 Satricum
1747 1150 1933 1225 castra
1955 1153 2053 1212 ha-

476 1235 683 1296 bebant
700 1282 717 1309 ,
748 1240 911 1305 nullo
951 1239 1297 1321 impediente
1328 1236 1591 1294 omnibus
1614 1232 1944 1313 junioribus
1972 1232 2051 1292 sa·

474 1333 768 1397 eramento
808 1320 1020 1380 adastis
1042 1365 1058 1390 ,
1091 1338 1202 1379 tres
1237 1316 1515 1377 exercitus
1553 1312 1861 1372 scriberent
1891 1334 1907 1371 ε
1939 1326 1958 1371 5
1986 1333 2049 1371 u·-
2123 1338 2131 1347 ·

452 1412 605 1453 ‘num
627 1440 646 1469 ,
689 1401 758 1457 ad
782 1401 1095 1480 praesidium
1117 1400 1273 1459 urbis
1301 1421 1318 1462 3
1348 1396 1581 1455 alterum
1598 1437 1617 1465 ‚
1646 1396 1750 1473 qui
1772 1437 1791 1463 ,
1834 1391 1876 1451 fi
1904 1392 2038 1532 guis

462 1473 604 1534 alibi
625 1498 815 1539 motus
840 1477 1130 1540 exstitisset
1156 1524 1171 1550 ,
1193 1479 1260 1539 ad
1283 1477 1460 1537 subita
1478 1473 1611 1533 belli
1635 1471 1790 1530 mitti
1821 1492 1898 1555 po
1947 1491 2031 1535 eti

460 1555 695 1615 tertium
735 1560 906 1642 longe
948 1557 1340 1620 valIdissrmum
1377 1562 1436 1615 P.
1462 1553 1804 1629 Valerius&
1829 1558 1895 1614 L.
1937 1558 2031 1614 ΑΞ-

455 1634 650 1695 milius
673 1637 741 1698 ad
770 1641 1041 1700 Satricum
1069 1639 1276 1698 duxere
1305 1682 1322 1709 ‚
1347 1642 1372 1681 ⁶
1405 1636 1504 1694 ubi
1527 1653 1702 1715 quum
1737 1633 1925 1692 aciem
1944 1633 2027 1693 in·

454 1709 716 1776 strucstam
768 1718 1058 1792 hostium,
1105 1720 1238 1778 loco
1279 1736 1443 1799 aequo
1496 1708 1838 1772 inveniffent
1876 1756 1897 1783 ,
1935 1733 2026 1772 ex·

450 1798 666 1875 templo
708 1818 1018 1880 pugnatum
1069 1807 1178 1858 2‘&
1239 1815 1301 1856 ut
1357 1794 1608 1854 nondum
1640 1791 1777 1851 satis
1819 1793 2022 1852 claram

185 1910 389 1972 romi&-
445 1874 746 1937 vistoriam
769 1923 789 1953 ,
833 1878 914 1957 fic,
950 1879 1220 1959 prospera:
1263 1875 1377 1954 spei
1417 1884 1660 1956 pugnarn
1705 1871 1893 1932 imber
1933 1875 2015 1931 in·-

184 1968 416 2031 Laetinifu·
441 1956 709 2048 gentibus
761 1961 1027 2039 procellis
1077 1957 1228 2019 fusus
1270 1956 1516 2015 diremit.
1562 1970 1590 2013 7
1646 1951 1885 2023 Postero
1927 1954 2014 2014 die

221 2047 236 2063 ·
436 2051 637 2095 iterata
673 2058 861 2119 pugna
900 2064 915 2100 ε
955 2048 1008 2098 &
1027 2035 1379 2119 aliquamdiu
1402 2055 1560 2117 aequa
1583 2033 1799 2092 virtute
1821 2035 2008 2095 fortu-

436 2133 624 2252 ”ailae
669 2121 877 2179 Latinae
914 2119 1160 2178 maxime
1210 2116 1463 2198 legiones
1483 2159 1503 2182 .
1535 2115 1708 2194 longa
1739 2111 2008 2178 societate

433 2195 515 2251 mi
542 2197 698 2257 itiam
715 2205 1032 2259 Romanam
1049 2198 1263 2259 edostae
1281 2193 1608 2268 ,restabant.
1641 2197 1666 2238 ⁸
1695 2199 1888 2276 Eques
1906 2198 2004 2255 im-

431 2271 623 2334 missus
639 2279 868 2341 ordines
887 2279 1167 2347 turbavit3
1184 2276 1419 2336 turbatis
1441 2273 1869 2356 figna‘peditum
1881 2278 2002 2340 illa-

430 2369 489 2410 ta
515 2376 529 2412 ε
561 2377 948 2443 quantumque
969 2365 1225 2419 Romana
1249 2355 1303 2416 se
1325 2357 1542 2439 inve-xit
1565 2356 1718 2414 acies
1739 2399 1760 2426 ‚
1783 2374 2001 2422 tantum

428 2430 621 2496 hostes
653 2439 829 2517 gradu
871 2440 1082 2499 demoti
1107 2461 1124 2501 3
1154 2448 1209 2498 &
1251 2455 1314 2495 ut
1347 2436 1515 2496 semel
1550 2436 1853 2496 inclinavit
1892 2465 1997 2524 pu..

421 2529 542 2649 {aa
566 2560 585 2588 ,
604 2521 718 2598 jam
761 2518 1134 2578 intolerabilis
1183 2524 1443 2577 Romana
1486 2517 1570 2573 iris
1613 2534 1747 2577 erat.
1797 2533 1824 2573 9
1867 2523 1990 2583 fufi

469 2592 618 2656 ostes
640 2643 659 2671 ‚
700 2619 876 2680 quum
911 2597 1187 2658 Satricum
1217 2642 1234 2670 ‚
1280 2596 1439 2680 quod
1478 2596 1596 2658 duo
1631 2596 1818 2667 millia
1856 2600 1991 2663 inde

417 2672 645 2750 aberat,
668 2700 781 2737 non
805 2677 985 2738 castra
1023 2696 1310 2757 peterent,
1343 2680 1412 2738 ab
1449 2677 1708 2759 equitatu
1742 2683 1987 2743 maxime

420 2756 541 2814 caesi
565 2780 581 2819 ς
602 2757 779 2818 castra
799 2776 963 2837 capta
987 2802 1004 2830 ,
1030 2757 1250 2837 direpta
1294 2779 1382 2817 ue.
1433 2769 1489 2801 10
1528 2758 1616 2817 Ab
1634 2760 1863 2822 Satrico
1887 2785 1983 2823 no·

416 2838 539 2909 cie,
566 2859 692 2922 quae
720 2840 936 2919 proelio
967 2838 1224 2919 proxima
1253 2778 1369 2899 {uit
1392 2883 1409 2911 ‚
1443 2837 1593 2918 fugae
1614 2836 1781 2899 fimili
1813 2846 1980 2923 agmi-

406 2934 479 2974 ne
521 2936 715 2993 petunt
758 2922 1021 2979 Antium:
1048 2927 1102 2977 δι
1145 2937 1325 3000 quum
1367 2925 1654 2978 Romanus
1695 2925 1977 2983 exereitus

405 3013 584 3076 prope
639 2996 890 3076 vestigiis
931 2999 1251 3082 scepei-etur
1287 3041 1307 3069 ,
1346 3000 1469 3078 plus
1508 2998 1693 3058 tamen
1746 3002 1921 3061 timor
1952 3046 1970 3075 ,

405 3093 574 3150 quarn
610 3079 693 3135 ira
727 3080 1029 3155 celeritatis
1054 3080 1272 3141 hahuit.
1313 3087 1367 3121 ¹1
1410 3079 1567 3137 Prius
1604 3080 1806 3162 itaque
1827 3102 1973 3143 moe..

396 3152 490 3207 nia
530 3156 806 3216 intravere
841 3159 1025 3217 hostes
1048 3203 1065 3224 ,
1091 3177 1260 3241 quarn
1291 3165 1577 3217 Romanus
1600 3179 1855 3220 extrema
1874 3182 1970 3244 ag·

395 3231 564 3290 minis
584 3255 809 3316 carpere
848 3257 941 3298 aut
961 3241 1171 3299 morari
1192 3236 1368 3320 poffet
1396 3262 1409 3299 z
1436 3237 1570 3299 iude
1596 3234 1825 3321 aliquot
1850 3244 1966 3304 dies

1226 3316 1233 3325 “
1671 3319 1944 3384 vastanio
