2192 3809
132 232 200 294 L.
229 248 264 298 6
285 281 301 304 ,
336 224 429 315 ςἀ..
459 257 552 314 33.
629 245 694 297 L.
717 232 975 296 AEnu‘lius
1008 278 1025 306 ‚
1046 232 1159 305 &a
1182 230 1370 293 Tribb.
1396 234 1530 292 Mil.
1648 256 1716 311 41
1787 240 1797 255 '

130 313 410 376 vastando
446 336 589 398 agro
627 314 910 394 absumpti
947 335 964 376 3
997 334 1104 372 nec
1148 315 1423 372 RomanIs
1464 313 1593 371 satis
1638 315 1724 371 in·
1749 330 1796 363 u·
1829 329 1867 358 ⁶·
1922 317 1993 394 3⁷8

133 392 366 454 struitis
410 414 678 477 apparatu
705 395 917 455 bell1co
968 393 1037 452 ad
1062 392 1284 452 moenia
1310 391 1688 475 aggredienda
1707 438 1726 469 ,
1765 384 1812 417 “⁹
1840 366 1997 424 αὖ*

129 495 239 534 nec
265 477 388 535 illis
411 477 482 534 ad
509 475 855 535 subeundum
889 488 1092 568 pugnae
1135 471 1344 532 casum.

213 559 507 616 XXXIII.
548 555 764 616 Seditio
806 572 928 612 tum
975 571 1123 611 mter
1148 554 1401 613 Antiates
1426 597 1443 625 ,
1471 555 1731 615 Latinos-

129 652 249 716 que
294 642 533 699 coorta'3
579 634 1059 718 quum.Antiates
1101 634 1237 692 vieti
1263 633 1424 691 malis
1448 677 1465 705 ,
1490 633 1737 695 subacti-

132 735 254 796 que
279 715 433 774 bello
456 760 472 782 ,
512 717 571 776 in
616 735 735 797 quo
762 722 815 772 &
858 714 977 771 nati
1017 731 1176 771 erant
1215 719 1267 771 δε
1298 713 1729 788 consenuerant,

131 795 494 865 deditionem
532 795 882 875 spectarent:
919 803 945 833 2
992 794 1223 852 Latinos
1257 813 1329 851 ex
1370 794 1592 855 diutina
1631 815 1734 876 pa·

134 897 199 935 ce
243 896 400 934 nova
437 874 682 936 defectio
730 871 1057 932 recentibus
1096 872 1283 932 adhuc
1325 874 1730 935 animisfero·

133 956 327 1015 ciores
370 955 441 1013 ad
481 952 944 1035 perseverandum
993 954 1052 1012 in
1093 952 1246 1011 bello
1287 951 1548 1016 facerem
1593 953 1728 1015 finis

135 1034 471 1102 certaminis
503 1030 659 1113 fuit,
690 1030 996 1114 postquam
1035 1032 1293 1114 utrisque
1320 1035 1578 1113 appatuit
1602 1078 1621 1107 ,
1644 1035 1732 1095 ni-

134 1114 221 1173 hil
260 1135 360 1196 p'er
397 1114 605 1175 alteros
651 1111 791 1173 stare
817 1157 833 1179 ,
876 1132 994 1193 quo
1036 1113 1222 1170 minus
1266 1113 1524 1197 incoepta
1546 1114 1732 1193 perse-

134 1188 467 1276 querentur.
516 1206 536 1250 3
586 1193 771 1253 Latini
816 1190 1096 1272 profecti,
1143 1190 1176 1250 ὲ
1217 1191 1488 1252 societate
1524 1194 1761 1274 pacis,-

133 1294 199 1332 ut
237 1268 544 1345 rebantur,
572 1271 880 1332 inhonestae
903 1314 921 1337 ,
961 1269 1070 1331 sese
1107 1270 1562 1336 vindicaverunt.
1600 1279 1722 1336 An·

134 1356 309 1413 tiates
332 1397 350 1419 ,
395 1351 772 1414 incommodis
811 1351 1041 1409 arbitris
1086 1351 1414 1411 salutarium
1453 1353 1721 1415 confilio-
1754 1369 1973 1414 amiate,

133 1454 263 1492 rum
299 1436 536 1493 remotis
569 1478 586 1505 ‚
621 1433 821 1492 urbem
861 1429 1138 1512 agrosque
1175 1433 1448 1491 Romanis
1488 1422 1971 1498 dedunt0s‘d‘dm'·

134 1524 172 1569 4
216 1519 307 1572 Ira
353 1521 408 1573 &
444 1515 624 1572 rabies
679 1512 1007 1571 Latinorum
1032 1558 1047 1578 ,
1086 1511 1227 1592 quia
1274 1534 1377 1571 nec
1434 1518 1723 1576 Romanos
1758 1509 1933 1555 Larino-

137 1591 296 1652 bello
333 1592 533 1654 laedere
560 1638 581 1665 ‚
616 1611 723 1652 nec
761 1588 1000 1652 Volscos
1044 1591 1102 1646 in
1147 1592 1311 1649 armis
1338 1593 1580 1654 retinere
1623 1616 1725 1676 po·
1751 1576 1937 1663 zzz-ra-

136 1690 373 1732 tuerant
394 1716 412 1745 ,
455 1695 527 1732 eo
573 1671 763 1752 erupit
785 1714 804 1743 ,
823 1688 892 1729 ut
923 1670 1202 1729 Satricum
1227 1672 1419 1729 urbem
1448 1717 1466 1745 ‚
1536 1694 1619 1732 uae
1641 1696 1731 1734 re-

136 1755 519 1832 ceptaculum
571 1751 816 1833 primum
855 1749 937 1808 eis
972 1749 1213 1808 adversae
1251 1769 1455 1831 pugnae
1520 1772 1673 1814 uerat
1708 1800 1728 1830 ,

142 1832 280 1913 igni
308 1848 731 1891 concremarent
761 1854 775 1891 z
807 1848 913 1888 nec
949 1827 1102 1888 aliud
1142 1830 1353 1889 testum
1373 1837 1493 1912 ejus
1541 1835 1601 1893 su
1645 1857 1732 1894 er-

140 1911 259 1971 fuit
279 1903 440 1975 urbis
471 1915 488 1986 (
525 1931 700 1993 quum
719 1908 874 1985 faces
899 1909 1109 1990 pariter
1129 1909 1296 1969 sacris
1319 1956 1336 1984 ‚
1362 1914 1583 1992 profani
1617 1934 1730 1998 que

138 1992 507 2070 injicerent)
581 2010 711 2049 uam
745 1991 938 2048 matris
961 1996 1193 2050 Matutae
1236 1993 1523 2071 templum.
1574 2008 1591 2053 5
1646 1989 1951 2075 In-Jsam,

139 2070 217 2132 de
259 2092 359 2131 eos
398 2093 502 2130 nec
567 2072 644 2130 ua‘
657 2069 868 2148 religio
894 2114 910 2139 ,
941 2090 1045 2129 nec
1067 2069 1410 2130 verecundia
1434 2068 1621 2134 Derim
1643 2097 1731 2134 ar·
1757 2078 1980 2136 temptum.

142 2148 321 2209 cuiffe
348 2149 563 2209 dicitur
590 2193 608 2221 ‚
626 2148 719 2208 sed
744 2169 858 2207 vox
881 2147 1169 2207 horrenda
1189 2149 1342 2209 edita
1365 2154 1579 2232 templo
1601 2176 1729 2213 cum

143 2228 403 2288 tristibus
423 2231 593 2289 minis
617 2274 634 2296 ‚
664 2228 726 2286 ni
756 2227 1031 2289 nefandos
1054 2229 1216 2310 ignes
1253 2233 1455 2310 procul
1479 2232 1729 2309 delubris

143 2306 503 2370 amoviffent.
552 2313 578 2353 ⁶
619 2307 898 2367 ‘incensos
936 2326 1002 2366 ea
1047 2309 1207 2368 rabie
1230 2310 1471 2389 impetus
1508 2312 1731 2374 'fusca‘-

143 2389 269 2447 lum
313 2388 481 2456 tulit3
509 2389 585 2449 ob
618 2388 760 2447 iram
783 2432 800 2454 ,
834 2386 998 2472 quod
1036 2387 1259 2447 deserto
1279 2393 1569 2453 communi
1589 2415 1729 2452 con·
1768 2435 1809 2479 T
1835 2436 1862 2466 r
1901 2435 1992 2480 lwn

144 2469 290 2529 cilio
338 2469 672 2529 Latinorum
696 2510 715 2539 ‚
755 2480 876 2528 non·
918 2470 978 2526 in
1025 2465 1356 2529 societatem
1390 2472 1565 2530 modo
1607 2478 1727 2534 Ro»
1759 2453 1993 2536 assum-

141 2567 375 2607 manam
394 2593 413 2616 ,
449 2549 542 2608 secl
580 2548 752 2607 etiam
778 2550 838 2608 in
866 2547 1236 2626 civitatemse
1261 2549 1548 2614 dedifl'ent.
1572 2570 1599 2613 7
1628 2560 1727 2614 Pa-
1756 2561 1778 2590 ⁶
1794 2555 1946 2622 ‘mef

143 2627 402 2687 tentibus
449 2629 632 2711 portis
674 2647 854 2722 quum
887 2627 1201 2708 improviso
1230 2629 1546 2692 incidiffent
1570 2677 1588 2705 ‚
1612 2636 1729 2715 pri-

143 2728 250 2767 mo
296 2708 546 2767 clamore
583 2707 860 2790 opp1dum
894 2728 1092 2790 praeter
1125 2731 1311 2768 arcem
1345 2732 1571 2794 captum
1605 2712 1683 2773 est
1708 2761 1733 2789 ,

144 2789 210 2847 in
236 2807 430 2848 arcem
468 2788 742 2869 oppidani
783 2788 1047 2868 refugere
1093 2810 1223 2848 cum
1275 2796 1616 2872 conjug1bus
1661 2817 1728 2856 ac

146 2867 396 2928 liberis:
445 2867 802 2951 nunciosque
837 2873 1080 2927 Romam
1107 2913 1122 2935 ‚
1165 2873 1268 2950 qui
1315 2870 1613 2931 certiorem
1660 2876 1740 2934 de

146 2946 253 3007 suo
292 2947 426 3006 casu
466 2948 720 3007 senatum
765 2948 1018 3007 facerent
1043 2993 1059 3015 ,
1105 2950 1321 3012 misere.
1362 2952 1386 2993 ²
1436 2951 1608 3011 Haud
1652 2953 1740 3013 se·

149 3025 371 3109 gnius',
407 3048 579 3111 quam
617 3026 734 3088 fide
774 3049 847 3109 po
892 3028 973 3085 uli
1013 3031 1262 3088 Romani
1300 3030 1539 3110 dignum
1572 3032 1684 3090 fuit
1713 3079 1735 3106 ‚,

151 3109 443 3166 exercitus
478 3107 789 3166 Tusculum
828 3050 1041 3169 ductus,
1082 3113 1148 3167 12.
1193 3110 1467 3182 Quintius
1493 3156 1510 3184 ‚
1542 3120 1593 3172 &
1616 3115 1741 3172 Ser-

147 3187 289 3247 vius
330 3188 612 3267 Sulpicius
639 3188 849 3245 tribuni
888 3189 1136 3247 militum
1175 3189 1405 3250 duxere.
1454 3207 1479 3246 9
1526 3193 1751 3254 clausas·

160 3284 370 3349 portas
415 3267 650 3327 Tusculi
686 3310 716 3341 λ
755 3268 1098 3352 Latinosque
1157 3268 1319 3343 fimul
1368 3269 1743 3334 obsidentium
1817 3299 1826 3307 ·

264 3344 302 3405 Ρ
341 3354 520 3411 Tem.
561 3350 641 3409 11.
1035 3353 1040 3358 ’
1455 3353 1515 3411 D
1762 3358 1773 3365 '
